<record><leader>00000cas a2200000 a 4500</leader><controlfield tag="001">42339300</controlfield><controlfield tag="007">hd afb020bucu</controlfield><controlfield tag="007">hd bfb020bubu</controlfield><controlfield tag="008">830103d18851902wauwr nea     0   a0eng c</controlfield><datafield ind1=" " ind2=" " tag="010"><subfield code="a">  2005252348</subfield></datafield><datafield ind1=" " ind2=" " tag="040"><subfield code="a">Wa</subfield><subfield code="b">eng</subfield><subfield code="c">WRJ</subfield><subfield code="d">OCL</subfield><subfield code="d">WAU</subfield><subfield code="d">OCLCQ</subfield><subfield code="d">OCLCF</subfield><subfield code="d">OCLCO</subfield><subfield code="d">OCLCQ</subfield></datafield><datafield ind1=" " ind2=" " tag="042"><subfield code="a">pcc</subfield></datafield><datafield ind1=" " ind2=" " tag="043"><subfield code="a">n-us-wa</subfield></datafield><datafield ind1="0" ind2=" " tag="082"><subfield code="a">071.9778</subfield><subfield code="2">19</subfield></datafield><datafield ind1="0" ind2="4" tag="245"><subfield code="a">The Tacoma weekly news.</subfield></datafield><datafield ind1=" " ind2=" " tag="260"><subfield code="a">Tacoma, Wash. Territory :</subfield><subfield code="b">Geo. R. Epperson &amp; Co.,</subfield><subfield code="c">[1885-1902]</subfield></datafield><datafield ind1=" " ind2=" " tag="300"><subfield code="a">17 volumes</subfield></datafield><datafield ind1=" " ind2=" " tag="310"><subfield code="a">Weekly</subfield></datafield><datafield ind1=" " ind2=" " tag="336"><subfield code="a">text</subfield><subfield code="b">txt</subfield><subfield code="2">rdacontent</subfield></datafield><datafield ind1=" " ind2=" " tag="337"><subfield code="a">microform</subfield><subfield code="b">h</subfield><subfield code="2">rdamedia</subfield></datafield><datafield ind1=" " ind2=" " tag="338"><subfield code="a">microfilm reel</subfield><subfield code="b">hd</subfield><subfield code="2">rdacarrier</subfield></datafield><datafield ind1="0" ind2=" " tag="362"><subfield code="a">Vol. 5, no. 6 (Sept. 11, 1885)-v. 21, no. 104 (Jan. 2, 1902).</subfield></datafield><datafield ind1=" " ind2=" " tag="533"><subfield code="a">Microfilm.</subfield><subfield code="b">Seattle, Wash. :</subfield><subfield code="c">Filmed by the University of Washington Library.</subfield><subfield code="e">6 microfilm reels ; 35 mm.</subfield><subfield code="n">Filmed with: Tacoma semi-weekly news.</subfield></datafield><datafield ind1=" " ind2="0" tag="651"><subfield code="a">Tacoma (Wash.)</subfield><subfield code="v">Periodicals.</subfield></datafield><datafield ind1=" " ind2="7" tag="651"><subfield code="a">Washington (State)</subfield><subfield code="z">Tacoma.</subfield><subfield code="2">fast</subfield><subfield code="0">(OCoLC)fst01205636</subfield></datafield><datafield ind1=" " ind2="7" tag="655"><subfield code="a">Periodicals.</subfield><subfield code="2">fast</subfield><subfield code="0">(OCoLC)fst01411641</subfield></datafield><datafield ind1=" " ind2=" " tag="752"><subfield code="a">United States</subfield><subfield code="b">Washington</subfield><subfield code="c">Pierce</subfield><subfield code="d">Tacoma.</subfield></datafield><datafield ind1="1" ind2=" " tag="776"><subfield code="c">Original</subfield><subfield code="w">(DLC)sn 88085209</subfield><subfield code="w">(OCoLC)17359135</subfield></datafield><datafield ind1="0" ind2="0" tag="780"><subfield code="t">Tacoma news (Tacoma, Wash. : 1882)</subfield><subfield code="w">(DLC)  2005252347</subfield><subfield code="w">(OCoLC)60339524</subfield></datafield><datafield ind1="0" ind2="0" tag="785"><subfield code="t">Tacoma semi-weekly news</subfield><subfield code="w">(DLC)  2005252349</subfield><subfield code="w">(OCoLC)60339526</subfield></datafield><datafield ind1="1" ind2=" " tag="029"><subfield code="a">AU@</subfield><subfield code="b">000027147536</subfield></datafield></record>